@manual{flutter,
  title  = {Flutter Documentation},
  author = {Google Inc.},
  year   = {2024},
  url    = {https://flutter.dev}
}

@manual{springboot,
  title  = {Spring Boot Reference Guide},
  author = {Pivotal Software},
  year   = {2024},
  url    = {https://spring.io/projects/spring-boot}
}

@manual{postgresql,
  title  = {PostgreSQL Documentation},
  author = {PostgreSQL Global Development Group},
  year   = {2024},
  url    = {https://www.postgresql.org/docs/}
}

@manual{firebase,
  title  = {Firebase Documentation},
  author = {Google Inc.},
  year   = {2024},
  url    = {https://firebase.google.com/docs}
}