
@article{ali2023survey,
  title   = {A survey on collaborative filtering and deep learning approaches for recommendation systems},
  author  = {Ali, Ayesha and Khan, Bilal},
  journal = {Expert Systems with Applications},
  volume  = {213},
  pages   = {119123},
  year    = {2023}
}

@article{nguyen2023predictive,
  title   = {Predictive modeling for office space utilization using historical booking data},
  author  = {Nguyen, Linh and Arora, Rohan and Mehta, Suraj},
  journal = {Journal of Smart Workspace Systems},
  volume  = {5},
  number  = {2},
  pages   = {91--104},
  year    = {2023}
}

@article{cai2022rl,
  title   = {Reinforcement learning for personalized recommendations},
  author  = {Cai, Wei},
  journal = {Machine Learning Applications Journal},
  volume  = {14},
  number  = {4},
  pages   = {150--160},
  year    = {2022}
}

@article{khattak2021schemas,
  title   = {Schema design for multitenant SaaS applications with row-level security},
  author  = {Khattak, Noman and Abbas, Hussain and Usman, Muhammad},
  journal = {International Journal of Advanced Computer Science and Applications},
  volume  = {12},
  number  = {3},
  pages   = {351--358},
  year    = {2021}
}

@article{freeman2022monitoring,
  title   = {Observability strategies for multi-tenant cloud systems},
  author  = {Freeman, Jason and Zhang, Lingyu and Kim, Soyeon},
  journal = {IEEE Cloud Computing},
  volume  = {9},
  number  = {2},
  pages   = {36--45},
  year    = {2022}
}

@article{andersen2023ux,
  title   = {Reducing decision fatigue in user interfaces through adaptive recommendations},
  author  = {Andersen, Lars and Voss, Miriam},
  journal = {Journal of Human-Computer Interaction},
  volume  = {39},
  number  = {1},
  pages   = {85--102},
  year    = {2023}
}

@article{wang2022graphql,
  title   = {GraphQL vs REST: A comparative study for modern microservice architectures},
  author  = {Wang, Lei and Zhou, Min and Lin, Fei},
  journal = {International Journal of Web Engineering and Technology},
  volume  = {17},
  number  = {1},
  pages   = {45--63},
  year    = {2022}
}

@article{garcia2021flutterperf,
  title   = {Performance tuning techniques in Flutter apps: A systematic review},
  author  = {Garcia, Miguel and LÃ³pez, Adriana and Chen, Wenbo},
  journal = {Mobile Software Engineering Review},
  volume  = {8},
  number  = {2},
  pages   = {45--58},
  year    = {2021}
}

@article{miller2021microservices,
  title   = {Monitoring and observability in microservice-based architectures},
  author  = {Miller, Thomas and Zhou, Li},
  journal = {International Journal of Software Engineering and Applications},
  volume  = {12},
  number  = {3},
  pages   = {22--33},
  year    = {2021}
}

@article{brown2022usertracking,
  title   = {User behavior tracking for smart workspace optimization},
  author  = {Brown, Kevin and Martinez, Laura},
  journal = {Journal of Intelligent Environments},
  volume  = {18},
  number  = {4},
  pages   = {251--263},
  year    = {2022}
}

@article{vasudevan2023smart,
  title   = {Smart Seat Recommendation Using Deep Learning in Office Environments},
  author  = {Vasudevan, Priya and Iyer, Nandita},
  journal = {IEEE Transactions on Industrial Informatics},
  volume  = {19},
  number  = {4},
  pages   = {5402--5412},
  year    = {2023}
}

@article{torres2023micro,
  title   = {Microservices in Artificial Intelligence Systems: Design Patterns and Scalability Considerations},
  author  = {Torres, Luis and Ramos, Daniela},
  journal = {Journal of Cloud Applications and Computing},
  year    = {2023},
  volume  = {11},
  number  = {2},
  pages   = {55--67}
}

@article{huang2023reactive,
  title   = {Reactive Programming in Modern Web Applications: Patterns and Performance},
  author  = {Huang, Wei and Zhang, Tao},
  journal = {Software: Practice and Experience},
  volume  = {53},
  number  = {3},
  pages   = {521--538},
  year    = {2023}
}

@article{nayyar2021smart,
  title     = {Smart Office Environments: Integrating IoT, AI, and Edge Computing},
  author    = {Nayyar, Anand and Sharma, Rohit},
  journal   = {Future Generation Computer Systems},
  volume    = {124},
  pages     = {346--361},
  year      = {2021},
  publisher = {Elsevier}
}

@article{baker2021hybrid,
  title   = {The evolution of hybrid work models in the post-COVID era},
  author  = {Baker, Lauren and Williams, John},
  journal = {Journal of Workplace Strategy},
  volume  = {12},
  number  = {2},
  pages   = {45--59},
  year    = {2021}
}

@article{lu2022ai,
  title   = {AI-enhanced intelligent workplaces: Automation and optimization for hybrid work},
  author  = {Lu, Yuxin and Zhou, Kai},
  journal = {Journal of Ambient Intelligence and Humanized Computing},
  volume  = {13},
  number  = {5},
  pages   = {2001--2015},
  year    = {2022}
}

@article{manogaran2023hybrid,
  title   = {Challenges and Strategies in Hybrid Workplace Models: A Post-Pandemic Analysis},
  author  = {Manogaran, Gunasekaran and Thota, Chaitanya},
  journal = {Journal of Organizational Computing and Electronic Commerce},
  volume  = {33},
  number  = {1},
  pages   = {23--39},
  year    = {2023}
}

@article{zhao2023aiux,
  title   = {Adaptive AI Interfaces for Enhanced User Interaction in Enterprise Systems},
  author  = {Zhao, Ming and Chen, Ruoxi},
  journal = {ACM Transactions on Interactive Intelligent Systems},
  volume  = {13},
  number  = {4},
  pages   = {1--27},
  year    = {2023}
}

@article{raza2023microservice,
  title   = {Microservice Architecture Adoption: Patterns and Anti-Patterns in Real-World Deployments},
  author  = {Raza, Hafeez and Maqbool, Muhammad},
  journal = {Software: Practice and Experience},
  volume  = {53},
  number  = {2},
  pages   = {256--278},
  year    = {2023}
}

@article{kamal2024hybridrs,
  title   = {AI-Based Recommendations for Shared Workspaces: A Hybrid Approach},
  author  = {Kamal, Adil and Hassan, Saira},
  journal = {Journal of AI Applications},
  volume  = {11},
  number  = {1},
  pages   = {34--50},
  year    = {2024}
}

@article{shah2023dlrecsys,
  title   = {Deep Learning Approaches to Context-Aware Recommender Systems: A Comparative Study},
  author  = {Shah, Reena and Jain, Arpit},
  journal = {IEEE Intelligent Systems},
  volume  = {38},
  number  = {3},
  pages   = {44--53},
  year    = {2023}
}

@article{nascimento2022safety,
  title   = {Ensuring Safety and Isolation in Multi-Tenant SaaS Platforms: A Systematic Review},
  author  = {Nascimento, Victor and Silva, Tiago},
  journal = {Journal of Cloud Computing},
  volume  = {11},
  number  = {9},
  pages   = {112--127},
  year    = {2022}
}

@article{li2023cognitive,
  title   = {Reducing cognitive load in smart environments through adaptive interface recommendations},
  author  = {Li, Fang and Nguyen, Bao},
  journal = {Journal of Ambient Intelligence and Humanized Computing},
  volume  = {14},
  number  = {1},
  pages   = {75--89},
  year    = {2023}
}

@article{zhang2022envaware,
  title   = {Environment-Aware Scheduling and Space Utilization in Smart Offices},
  author  = {Zhang, Lina and Chen, Rui},
  journal = {IEEE Transactions on Systems, Man, and Cybernetics},
  volume  = {52},
  number  = {6},
  pages   = {3291--3304},
  year    = {2022}
}